@article{Paxion2014,
  doi = {10.3389/fpsyg.2014.01344},
  year = {2014},
  volume = {5},
  author = {Julie Paxion and Edith Galy and Catherine Berthelon},
  title = {Mental workload and driving},
  journal = {Frontiers in Psychology}
}

@phdthesis{DeWaard1996,
  publisher = {Traffic Research Center},
  type = {PhD Thesis},
  year = {1996},
  school = {University of Groningen},
  address = {Groningen},
  author = {Dick {de Waard}},
  title = {The Measurement of Driversâ€™ Mental Workload},
}